@article{pantin1996deconvolution,
	author  = {{Pantin, E.} and {Starck, J.-L.}},
	title   = {Deconvolution of astronomical images using the multiscale maximum entropy method},
	DOI     = "10.1051/aas:1996221",
	url     = "https://doi.org/10.1051/aas:1996221",
	journal = {Astron. Astrophys. Suppl. Ser.},
	year    = 1996,
	volume  = 118,
	number  = 3,
	pages   = "575-585",
}

@article{jaynes1957information,
  title     = {Information Theory and Statistical Mechanics},
  author    = {Jaynes, E. T.},
  journal   = {Phys. Rev.},
  volume    = {106},
  issue     = {4},
  pages     = {620--630},
  numpages  = {0},
  year      = {1957},
  month     = {May},
  publisher = {American Physical Society},
  doi       = {10.1103/PhysRev.106.620},
  url       = {https://link.aps.org/doi/10.1103/PhysRev.106.620},
}

@article{shannon1948mathematical,
  title     = {A mathematical theory of communication},
  author    = {Shannon, Claude E},
  journal   = {The Bell system technical journal},
  volume    = {27},
  number    = {3},
  pages     = {379--423},
  year      = {1948},
  publisher = {Nokia Bell Labs},
  doi       = {10.1002/j.1538-7305.1948.tb01338.x}
}

@article{wanglandau,
  title     = {Efficient, Multiple-Range Random Walk Algorithm to Calculate the Density of States},
  author    = {Wang, Fugao and Landau, D. P.},
  journal   = {Phys. Rev. Lett.},
  volume    = {86},
  issue     = {10},
  pages     = {2050--2053},
  numpages  = {0},
  year      = {2001},
  month     = {Mar},
  publisher = {American Physical Society},
  doi       = {10.1103/PhysRevLett.86.2050},
  url       = {https://link.aps.org/doi/10.1103/PhysRevLett.86.2050}
}

@article{wanglandau-ajp,
  author  = {Landau,D. P.  and Tsai,Shan-Ho  and Exler,M. },
  title   = {A new approach to Monte Carlo simulations in statistical physics: Wang-Landau sampling},
  journal = {American Journal of Physics},
  volume  = {72},
  number  = {10},
  pages   = {1294-1302},
  year    = {2004},
  doi     = {10.1119/1.1707017},
  URL     = {https://doi.org/10.1119/1.1707017},
  eprint  = {https://doi.org/10.1119/1.1707017}
}

@software{rpi-reu-notebook,
  author       = {Alex Striff},
  title        = {jfjhh/rpi-reu-notebook: Midterm report},
  month        = jul,
  year         = 2020,
  publisher    = {Zenodo},
  version      = {v0.1.0},
  doi          = {10.5281/zenodo.3937515},
  url          = {https://doi.org/10.5281/zenodo.3937515}
}

