@article{pantin1996deconvolution,
	author = {{Pantin, E.} and {Starck, J.-L.}},
	title = {Deconvolution of astronomical images using the multiscale 
maximum entropy method},
	DOI= "10.1051/aas:1996221",
	url= "https://doi.org/10.1051/aas:1996221",
	journal = {Astron. Astrophys. Suppl. Ser.},
	year = 1996,
	volume = 118,
	number = 3,
	pages = "575-585",
}

@article{jaynes1957information,
  title = {Information Theory and Statistical Mechanics},
  author = {Jaynes, E. T.},
  journal = {Phys. Rev.},
  volume = {106},
  issue = {4},
  pages = {620--630},
  numpages = {0},
  year = {1957},
  month = {May},
  publisher = {American Physical Society},
  doi = {10.1103/PhysRev.106.620},
  url = {https://link.aps.org/doi/10.1103/PhysRev.106.620},
}

@article{shannon1948mathematical,
  title={A mathematical theory of communication},
  author={Shannon, Claude E},
  journal={The Bell system technical journal},
  volume={27},
  number={3},
  pages={379--423},
  year={1948},
  publisher={Nokia Bell Labs},
  doi = {10.1002/j.1538-7305.1948.tb01338.x}
}

@article{wanglandau,
  title = {Efficient, Multiple-Range Random Walk Algorithm to Calculate the Density of States},
  author = {Wang, Fugao and Landau, D. P.},
  journal = {Phys. Rev. Lett.},
  volume = {86},
  issue = {10},
  pages = {2050--2053},
  numpages = {0},
  year = {2001},
  month = {Mar},
  publisher = {American Physical Society},
  doi = {10.1103/PhysRevLett.86.2050},
  url = {https://link.aps.org/doi/10.1103/PhysRevLett.86.2050}
}

