@misc{rpi-reu-notebook,
  author       = {Alex Striff},
  title        = {jfjhh/\textsc{rpi}-\textsc{reu}-notebook},
  month        = aug,
  year         = 2020,
  publisher    = {Zenodo},
  doi          = {10.5281/zenodo.3937514},
  url          = {https://doi.org/10.5281/zenodo.3937514}
}

@misc{csjlab,
  author       = {Alex Striff and Rodger Zhang},
  title        = {jfjhh/\textsc{Csjl}ab.jl},
  month        = aug,
  year         = 2020,
  publisher    = {Zenodo},
  doi          = {10.5281/zenodo.3711590},
  url          = {https://doi.org/10.5281/zenodo.3711590}
}

@article{pantin1996deconvolution,
	author  = {{Pantin, E.} and {Starck, J.-L.}},
	title   = {Deconvolution of astronomical images using the multiscale maximum entropy method},
	DOI     = "10.1051/aas:1996221",
	url     = "https://doi.org/10.1051/aas:1996221",
	journal = {Astron. Astrophys. Suppl. Ser.},
	year    = 1996,
	volume  = 118,
	number  = 3,
	pages   = "575-585",
}

@article{jaynes1957information,
  title     = {Information Theory and Statistical Mechanics},
  author    = {Jaynes, E. T.},
  journal   = {Phys. Rev.},
  volume    = {106},
  issue     = {4},
  pages     = {620--630},
  numpages  = {0},
  year      = {1957},
  month     = {May},
  publisher = {American Physical Society},
  doi       = {10.1103/PhysRev.106.620},
  url       = {https://link.aps.org/doi/10.1103/PhysRev.106.620},
}

@article{shannon1948mathematical,
  title     = {A mathematical theory of communication},
  author    = {Shannon, Claude E},
  journal   = {The Bell system technical journal},
  volume    = {27},
  number    = {3},
  pages     = {379--423},
  year      = {1948},
  publisher = {Nokia Bell Labs},
  doi       = {10.1002/j.1538-7305.1948.tb01338.x}
}

@article{wanglandau,
  title     = {Efficient, Multiple-Range Random Walk Algorithm to Calculate the Density of States},
  author    = {Wang, Fugao and Landau, D. P.},
  journal   = {Phys. Rev. Lett.},
  volume    = {86},
  issue     = {10},
  pages     = {2050--2053},
  numpages  = {0},
  year      = {2001},
  month     = {Mar},
  publisher = {American Physical Society},
  doi       = {10.1103/PhysRevLett.86.2050},
  url       = {https://link.aps.org/doi/10.1103/PhysRevLett.86.2050}
}

@article{wanglandau-ajp,
  author  = {Landau,D. P.  and Tsai,Shan-Ho  and Exler,M. },
  title   = {A new approach to Monte Carlo simulations in statistical physics: Wang-Landau sampling},
  journal = {American Journal of Physics},
  volume  = {72},
  number  = {10},
  pages   = {1294-1302},
  year    = {2004},
  doi     = {10.1119/1.1707017},
  URL     = {https://doi.org/10.1119/1.1707017},
}

@book{cover,
   title =     {Elements of Information Theory},
   author =    {Thomas M. Cover and Joy A. Thomas},
   publisher = {Wiley-Interscience},
   isbn =      {9780471241959,0471241954},
   year =      {2006},
   series =    {Wiley Series in Telecommunications and Signal Processing},
   edition =   {2nd ed},
}

@book{genfunc,
   title =     {Generatingfunctionology},
   author =    {Herbert S. Wilf},
   publisher = {A. K. Peters},
   isbn =      {1568812795,9781568812793},
   year =      {2006},
   edition =   {3rd ed},
}

@article{light-field,
  author = {Marwah, Kshitij and Wetzstein, Gordon and Bando, Yosuke and Raskar, Ramesh},
  title = {Compressive Light Field Photography Using Overcomplete Dictionaries and Optimized Projections},
  year = {2013},
  issue_date = {July 2013},
  publisher = {Association for Computing Machinery},
  address = {New York, NY, USA},
  volume = {32},
  number = {4},
  issn = {0730-0301},
  journal = {\textsc{Acm} Trans. Graph.},
  month = jul,
  articleno = {46},
  numpages = {12},
  keywords = {compressive sensing, computational photography},
  url = {https://doi.org/10.1145/2461912.2461914},
  doi = {10.1145/2461912.2461914},
}

@article{single-pixel,
author = {Kuusela,Tom A. },
title = {Single-pixel camera},
journal = {American Journal of Physics},
volume = {87},
number = {10},
pages = {846-850},
year = {2019},
doi = {10.1119/1.5122745},
URL = {
        https://doi.org/10.1119/1.5122745
},
}

@ARTICLE{compressed-sensing,
  author={D. L. {Donoho}},
  journal={\textsc{Ieee} Transactions on Information Theory},
  title={Compressed sensing},
  year={2006},
  volume={52},
  number={4},
  pages={1289-1306},
  doi={10.1109/TIT.2006.871582},
}

@book{plenoptic,
  title={The plenoptic function and the elements of early vision},
  author={Adelson, Edward H and Bergen, James R and others},
  volume={2},
  year={1991},
  publisher={Vision and Modeling Group, Media Laboratory, Massachusetts
             Institute of Technology}
}

@article{strf,
  title={Independent component analysis of natural image sequences yields spatio-temporal filters similar to simple cells in primary visual cortex},
  author={van Hateren, J Hans and Ruderman, Dan L},
  journal={Proceedings of the Royal Society of London. Series B: Biological Sciences},
  volume={265},
  number={1412},
  pages={2315--2320},
  year={1998},
  publisher={The Royal Society},
  doi={10.1098/rspb.1998.0577},
}

@article{ruderman,
author = {Daniel L Ruderman},
title = {The statistics of natural images},
journal = {Network: Computation in Neural Systems},
volume = {5},
number = {4},
pages = {517-548},
year  = {1994},
publisher = {Taylor \& Francis},
doi = {10.1088/0954-898X\_5\_4\_006},

URL = {
        https://doi.org/10.1088/0954-898X_5_4_006
},
}

@article{dead-leaves,
  title={Occlusion models for natural images: A statistical study of a scale-invariant dead leaves model},
  author={Lee, Ann B and Mumford, David and Huang, Jinggang},
  journal={International Journal of Computer Vision},
  volume={41},
  number={1-2},
  pages={35--59},
  year={2001},
  publisher={Springer},
  doi={10.1023/A:1011109015675},
}

@book{fractals-everywhere,
  title={Fractals everywhere},
  author={Barnsley, Michael F},
  year={2014},
  publisher={Academic press}
}

@book{lindenmayer,
  title={The algorithmic beauty of plants},
  author={Lindenmayer, Aristid and Prusinkiewicz, Przemyslaw and others},
  volume={1},
  year={1990},
  publisher={New York: Springer-Verlag}
}

@misc{speedtree,
  author       = {Chris King and Michael Sechrest},
  title        = {SpeedTree},
  month        = aug,
  year         = 2020,
  publisher    = {Interactive Data Visualization, Inc.},
  url          = {https://speedtree.com}
}

@inproceedings{perlin,
author = {Perlin, Ken},
title = {An Image Synthesizer},
year = {1985},
isbn = {0897911660},
publisher = {Association for Computing Machinery},
address = {New York, NY, USA},
url = {https://doi.org/10.1145/325334.325247},
doi = {10.1145/325334.325247},
booktitle = {Proceedings of the 12th Annual Conference on Computer Graphics and Interactive Techniques},
pages = {287–296},
numpages = {10},
keywords = {functional composition, space function, waves, turbulence, fire, solid texture, pixel stream editor, interactive, algorithm development, stochastic modelling},
series = {\textsc{Siggraph} '85}
}

@inproceedings{hypertexture,
author = {Perlin, K. and Hoffert, E. M.},
title = {Hypertexture},
year = {1989},
isbn = {0897913124},
publisher = {Association for Computing Machinery},
address = {New York, NY, USA},
url = {https://doi.org/10.1145/74333.74359},
doi = {10.1145/74333.74359},
booktitle = {Proceedings of the 16th Annual Conference on Computer Graphics and Interactive Techniques},
pages = {253–262},
numpages = {10},
series = {\textsc{Siggraph} '89}
}

@book{scifract,
  title={The science of fractal images},
  author={Barnsley, Michael F and Devaney, Robert L and Mandelbrot, Benoit B and Peitgen, Heinz-Otto and Saupe, Dietmar and Voss, Richard F and Fisher, Yuval and McGuire, Michael},
  year={1988},
  publisher={Springer}
}

@article{contrast-entropy,
author = {Raghu Raj and Wilson S. Geisler and Robert A. Frazor and Alan C. Bovik},
journal = {J. Opt. Soc. Am. A},
keywords = {Image analysis; Vision, color, and visual optics ; Vision - contrast sensitivity ; Vision - eye movements ; Vision modeling ; Spatial filtering; Eye movements; Image reconstruction; Retinal ganglion cells; Spatial resolution; Visual contrast sensitivity; Visual system},
number = {10},
pages = {2039--2049},
publisher = {OSA},
title = {Contrast statistics for foveated visual systems: fixation selection by minimizing contrast entropy},
volume = {22},
month = {Oct},
year = {2005},
doi = {10.1364/JOSAA.22.002039},
}

@book{jnd,
  title={Elements of psychophysics},
  author={Fechner, Gustav Theodor and Howes, Davis H and Boring, Edwin Garrigues},
  volume={1},
  year={1966},
  publisher={Holt, Rinehart and Winston New York}
}

@article{diffvar,
  title={Thermodynamic and differential entropy under a change of variables},
  author={Hnizdo, Vladimir and Gilson, Michael K},
  journal={Entropy},
  volume={12},
  number={3},
  pages={578--590},
  year={2010},
  publisher={Molecular Diversity Preservation International},
  doi={10.3390/e12030578},
}

@book{cie,
  title={Colorimetry: understanding the CIE system},
  author={Schanda, J{\'a}nos},
  year={2007},
  publisher={John Wiley \& Sons}
}

@article{natstat-color,
title = "Adaptation and the color statistics of natural images",
journal = "Vision Research",
volume = "37",
number = "23",
pages = "3283 - 3298",
year = "1997",
issn = "0042-6989",
doi = "https://doi.org/10.1016/S0042-6989(97)00125-9",
url = "http://www.sciencedirect.com/science/article/pii/S0042698997001259",
author = "Michael A. Webster and J.D. Mollon",
}

@book{santa-fe,
  title={Complexity, entropy and the physics of information},
  author={Zurek, Wojciech H},
  year={2018},
  publisher={CRC Press}
}

@article{anderson,
  title={More is different},
  author={Anderson, Philip W},
  journal={Science},
  volume={177},
  number={4047},
  pages={393--396},
  year={1972},
  publisher={\textsc{Jstor}}
}

